@book{lominadze1981,
  author    = {Lominadze, D.G.},
  title     = {Cyclotron waves in plasma},
  year      = {1981},
  edition   = {1st},
  publisher = {Pergamon Press},
  address   = {Oxford},
  series    = {International series in natural philosophy},
  pages     = {206},
  url = {http://stiu.md/}
}

@article{weaver1985,
  author    = {Weaver, William},
  title     = {The collectors: command performances},
  journal   = {Architectural Digest},
  year      = {1985},
  volume    = {42},
  number    = {12},
  pages     = {126--133},
  month     = {December}
}

@inproceedings{huber2004,
  author    = {Huber, D. and Celestina, S.},
  title     = {Phonon Drag Effect in Sb},
  booktitle = {8th European Conference of Thermoelectricity},
  year      = {2004},
  address   = {Krakow, Poland},
  month     = {September},
  pages     = {69}
}

@misc{stiunews2018,
  author    = {{Institutul de Dezvoltare a Societății Informaționale}},
  title     = {ȘTIU: Știință, Tehnologie, Inovație și Utilitate},
  year      = {2018},
  howpublished = {Online},
  url       = {http://stiu.md/},
  note      = {[Cited 10.12.2018]}
}
